
@book{llanio_navarro_propedeutica_2007,
	address = {La Habana},
	title = {Propedéutica clínica y semiología médica},
	isbn = {978-959-7132-87-5},
	language = {spa},
	publisher = {Editorial Ciencias Médicas. Editorial Pueblo y Educación},
	author = {Llanio Navarro, Raimundo and Perdomo González, Gabriel and {Arús Soler,Enrique}},
	year = {2007},
	note = {OCLC: 1011232092},
	file = {PDF:/Users/venegas55/Zotero/storage/2UNMVXXQ/Llanio Navarro et al. - 2007 - Propedéutica clínica y semiología médica.pdf:application/pdf},
}

@book{hernandez_sampieri_metodologiinvestigacion_2014,
	address = {México D.F.},
	edition = {Sexta edición},
	title = {Metodología de la investigación},
	isbn = {978-1-4562-2396-0},
	language = {spa},
	publisher = {McGraw-Hill Education},
	author = {Hernández Sampieri, Roberto and Fernandez-Collado, Carlos F.},
	editor = {Baptista Lucio, Pilar},
	year = {2014},
	note = {OCLC: 952035471},
	file = {PDF:/Users/venegas55/Zotero/storage/TKDEFMXI/Hernández Sampieri y Fernandez-Collado - 2014 - Metodología de la investigación.pdf:application/pdf},
}

@book{dhar_advances_2025,
	address = {Singapore},
	edition = {1st ed. 2025},
	series = {Lecture {Notes} in {Electrical} {Engineering}},
	title = {Advances in {Communication}, {Devices} and {Networking}: {Proceedings} of {ICCDN} 2024, {Volume} 1},
	isbn = {978-981-97-6465-5},
	shorttitle = {Advances in {Communication}, {Devices} and {Networking}},
	language = {eng},
	number = {1243},
	publisher = {Springer Nature Singapore},
	editor = {Dhar, Sourav and Mukhopadhyay, Subhas and Do, Dinh-Thuan and Sur, Samarendra Nath and Imoize, Agbotiname Lucky},
	year = {2025},
	doi = {10.1007/978-981-97-6465-5},
}

@article{ali_securing_2025,
	title = {Securing electronic health records using blockchain-enabled federated learning for {IoT}-based smart healthcare},
	issn = {25889141},
	url = {https://linkinghub.elsevier.com/retrieve/pii/S2588914125000164},
	doi = {10.1016/j.ceh.2025.04.002},
	language = {en},
	urldate = {2025-05-08},
	journal = {Clinical eHealth},
	author = {Ali, A. Althaf and Gunavathie, M.A. and Srinivasan, V. and Aruna, M. and Chennappan, R. and Matheena, M.},
	month = apr,
	year = {2025},
	pages = {S2588914125000164},
}

@article{jaroudi_remembering_2019,
	title = {Remembering {Lawrence} {Weed}: {A} {Pioneer} of the {SOAP} {Note}},
	volume = {94},
	issn = {1040-2446},
	shorttitle = {Remembering {Lawrence} {Weed}},
	url = {https://journals.lww.com/00001888-201901000-00009},
	doi = {10.1097/ACM.0000000000002483},
	language = {en},
	number = {1},
	urldate = {2025-05-14},
	journal = {Academic Medicine},
	author = {Jaroudi, Sarah and Payne, J. Drew},
	month = jan,
	year = {2019},
	pages = {11--11},
}
